@string{aiche  ={AIChE J.}}
@string{pt  ={Powder Technology}}
@string{pgy  ={Particuology}}
@string{amca  ={Asociacion Argentina de Mecanica Computacional}}
@string{cec  ={Chemical Engineering Science}}
@string{cde  ={Journal of Differential Equations}}
@string{jcp  ={Journal of Chemical Physics}}
@string{jcph  ={Journal of Computational Physics}}
@string{jfm  ={Journal of Fluid Mechanics}}
@string{ned  ={Nuclear Engineering and Design}}
@string{lnp  ={Lecture Notes in Physics}}
@string{pitmam  ={Proceedings of the ANS International Topical Meeting on Advences in Mathematics, Computations, and Reactor Physics}}
@string{asme  ={4th ASME/JSME Joint Fluids Engineering Conference}}
@string{nht2  ={Numerical Heat Transfer: Part B: Fundamentals}}
@string{jamp  ={Journal of Applied Mathematics and Physics}}
@string{cess  ={Chemical Engineering Progress Symposium}}
@string{zvdi  ={Zeitschrift des Vereines Deutscher Ingenieure}}
@string{pd  ={Physica D: Nonlinear Phenomena}}

@article{ofpg,
  title={{A tensorial approach to computational continuum mechanics using object-oriented techniques}},
  author={Weller, Henry G and Tabor, G and Jasak, Hrvoje and Fureby, C},
  journal={Computers in Physics},
  volume={12},
  number={6},
  pages={620--631},
  year={1998},
  publisher={AIP Publishing}
}

@article{miller3,
  title={{Use of a pressure-weighted interpolation method for the solution of the incompressible Navier-Stokes equations on a nonstaggered grid system}},
  author={Miller, TF and Schmidt, FW},
  journal={Numerical Heat Transfer, Part A: Applications},
  volume={14},
  number={2},
  pages={213--233},
  year={1988},
  publisher={Taylor \& Francis}
}

@article{tao,
  title={{A modified pressure-correction scheme for the SIMPLER method, MSIMPLER}},
  author={Tao, Hiroyuki Ozoe, Wen-Quan},
  journal={Numerical Heat Transfer: Part B: Fundamentals},
  volume={39},
  number={5},
  pages={435--449},
  year={2001},
  publisher={Taylor \& Francis}
}

@article{qu,
  title={{Implementation of CLEAR algorithm on collocated grid system and application examples}},
  author={Qu, ZG and Tao, WQ and He, YL},
  journal={Numerial Heat Transfer},
  volume={47},
  number={1},
  pages={65--96},
  year={2004},
  publisher={Taylor \& Francis}
}

@article{cheng2,
  title={{An efficient and robust numerical scheme for the SIMPLER algorithm on non-orthogonal curvilinear coordinates: CLEARER}},
  author={Cheng, YP and Lee, TS and Low, HT and Tao, WQ},
  journal={Numerical Heat Transfer, Part B: Fundamentals},
  volume={51},
  number={5},
  pages={433--461},
  year={2007},
  publisher={Taylor \& Francis}
}

@article{sun,
  title={{An efficient segregated algorithm for incompressible fluid flow and heat transfer problemsâ€”IDEAL (inner doubly iterative efficient algorithm for linked equations) Part I: Mathematical formulation and solution procedure}},
  author={Sun, DL and Qu, ZG and He, YL and Tao, WQ},
  journal={Numerical Heat Transfer, Part B: Fundamentals},
  volume={53},
  number={1},
  pages={1--17},
  year={2008},
  publisher={Taylor \& Francis}
}

@article{kim,
  title={{Application of a fractional-step method to incompressible Navier-Stokes equations}},
  author={Kim, John and Moin, Parviz},
  journal={Journal of computational physics},
  volume={59},
  number={2},
  pages={308--323},
  year={1985},
  publisher={Elsevier}
}

@article{zhang,
  title={{Generalized formulations for the {R}hie-{C}how interpolation}},
  author={Zhang, Sijun and Zhao, Xiang and Bayyuk, Sami},
  journal={Journal of Computational Physics},
  volume={258},
  pages={880--914},
  year={2014},
  publisher={Elsevier}
}

@article{shen,
  title={{Improved {R}hie-{C}how interpolation for unsteady flow computations}},
  author={Shen, Wen Zhong and Michelsen, J.A. and Sorensen, J.N.},
  journal={AIAA journal},
  volume={39},
  number={12},
  pages={2406--2409},
  year={2001}
}

@article{choi,
  title={{Note on the use of momentum interpolation method for unsteady flows}},
  author={Choi, Seok Ki},
  journal={Numerical Heat Transfer: Part A: Applications},
  volume={36},
  number={5},
  pages={545--550},
  year={1999},
  publisher={Taylor \& Francis}
}

@article{kawaguchi,
  title={{Checkerboard pressure predictions due to the underrelaxation factor and time step size for a nonstaggered grid with momentum interpolation method}},
  author={Kawaguchi, Yasuo and Tao, Wen-Quan and Ozoe, Hiroyuki},
  journal={Numerical Heat Transfer: Part B: Fundamentals},
  volume={41},
  number={1},
  pages={85--94},
  year={2002},
  publisher={Taylor \& Francis}
}

@article{majumdar,
  title={{Role of underrelaxation in momentum interpolation for calculation of flow with nonstaggered grids}},
  author={Majumdar, S},
  journal={Numerical Heat Transfer},
  volume={13},
  number={1},
  pages={125--132},
  year={1988},
  publisher={Taylor \& Francis}
}

@article{miller,
  title={{Use of a pressure-weighted interpolation method for the solution of the incompressible Navier-Stokes equations on a nonstaggered grid system}},
  author={Miller, TF and Schmidt, FW},
  journal={Numerical Heat Transfer, Part A: Applications},
  volume={14},
  number={2},
  pages={213--233},
  year={1988},
  publisher={Taylor \& Francis}
}

@article{oxtoby,
  title={A finite-volume solver for two-fluid flow in heterogeneous porous media based on {O}pen{FOAM R G}},
  author={Oxtoby, OF and Heyns, JA and Suliman, R},
  year={2013}
}

@article{mencinger,
  title={{On the finite volume discretization of discontinuous body force field on collocated grid: Application to VOF method}},
  author={Mencinger, Jure and {\v{Z}}un, Iztok},
  journal={Journal of Computational Physics},
  volume={221},
  number={2},
  pages={524--538},
  year={2007},
  publisher={Elsevier}
}

@article{venier,
  title={{On the stability analysis of the PISO algorithm on collocated grids}},
  author={Venier, Cesar M and Pairetti, Cesar I and Damian, Santiago Marquez and Nigro, Norberto M},
  journal={Computers \& Fluids},
  volume={147},
  pages={25--40},
  year={2017},
  publisher={Elsevier}
}

@article{wang2,
  title={{Literature review on pressure--velocity decoupling algorithms applied to built-environment CFD simulation}},
  author={Wang, Haidong and Wang, Hui and Gao, Feng and Zhou, Pengzhi and Zhai, Zhiqiang John},
  journal={Building and Environment},
  year={2018},
  publisher={Elsevier}
}


@article{chorin2,
  title={{Numerical solution of the Navier-Stokes equations}},
  author={Chorin, Alexandre Joel},
  journal={Mathematics of computation},
  volume={22},
  number={104},
  pages={745--762},
  year={1968}
}

@article{chorin1,
  title={{A numerical method for solving incompressible viscous flow problems}},
  author={Chorin, Alexandre Joel},
  journal={Journal of computational physics},
  volume={2},
  number={1},
  pages={12--26},
  year={1967},
  publisher={Elsevier}
}


@article{merkle,
  title={{The relationship between pressure-based and density-based algorithms}},
  author={Merkle, Charles and Venkateswaran, Sankaran and Buelow, Philip},
  journal={AIAA 92-0425},
  year={1992}
}

@book{wesseling,
  title={{Principles of {C}omputational {F}luid {D}ynamics}},
  author={Wesseling, Pieter},
  volume={29},
  year={2009},
  publisher={Springer Science \& Business Media}
}

@article{passalacqua,
  title={{Implementation of an iterative solution procedure for multi-fluid gas--particle flow models on unstructured grids}},
  author={Passalacqua, Alberto and Fox, Rodney O},
  journal={Powder Technology},
  volume={213},
  number={1},
  pages={174--187},
  year={2011},
  publisher={Elsevier}
}

@article{barton,
  title={{Comparison of {SIMPLE}-and {PISO}-type algorithms for transient flows}},
  author={Barton, IE},
  journal={International Journal for Numerical Methods in Fluids},
  volume={26},
  number={4},
  pages={459--483},
  year={1998},
  publisher={Wiley Online Library}
}

@article{miller1,
  title={{Fourier analysis of the {SIMPLE} algorithm formulated on a collocated grid}},
  author={Miller, Timothy F},
  journal={Numerical Heat Transfer},
  volume={30},
  number={1},
  pages={45--66},
  year={1996},
  publisher={Taylor \& Francis}
}

@article{miller2,
  title={{A {F}ourier analysis of the {IPSA/PEA} algorithms applied to multiphase flows with mass transfer}},
  author={Miller, Timothy F and Miller, Daniel J},
  journal={Computers \& fluids},
  volume={32},
  number={2},
  pages={197--221},
  year={2003},
  publisher={Elsevier}
}

@article{cor,
  title={{Linear {F}ourier and {I}teration-Delay Analysis of a {C}omputational {F}luid {D}ynamics Problem During Execution}},
  author={Cor, Joseph J and Miller, Timothy F and Richter, Joel D},
  journal={Numerical Heat Transfer, Part B: Fundamentals},
  volume={52},
  number={5},
  pages={387--407},
  year={2007},
  publisher={Taylor \& Francis}
}

@PhdThesis{jasak,
    author    = {Jasak, H.},
    title     = {Error analysis and estimation for the {F}inite {V}olume {M}ethod with applications to fluid flows},
    school    = {Imperial College of Science, Technology and Medicine},
    year      = {1996},
}

@article{mazhar1,
  title={{A procedure for the treatment of the velocity-pressure coupling problem in incompressible fluid flow}},
  author={Mazhar, Zeka},
  journal={Numerical Heat Transfer: Part B: Fundamentals},
  volume={39},
  number={1},
  pages={91--100},
  year={2001},
  publisher={Taylor \& Francis}
}

@article{mazhar2,
  title={{An enhancement to the block implicit procedure for the treatment of the velocity-pressure coupling problem in incompressible fluid flow}},
  author={Mazhar, Zeka},
  journal={Numerical Heat Transfer: Part B: Fundamentals},
  volume={41},
  number={5},
  pages={493--500},
  year={2002},
  publisher={Taylor \& Francis}
}

@article{chen,
  title={{A coupled pressure-based computational method for incompressible/compressible flows}},
  author={Chen, ZJ and Przekwas, AJ},
  journal={Journal of Computational Physics},
  volume={229},
  number={24},
  pages={9150--9165},
  year={2010},
  publisher={Elsevier}
}

@article{darwish1,
  title={{A coupled finite volume solver for the solution of incompressible flows on unstructured grids}},
  author={Darwish, Marwan and Sraj, Ihab and Moukalled, Fadl},
  journal={Journal of Computational Physics},
  volume={228},
  number={1},
  pages={180--201},
  year={2009},
  publisher={Elsevier}
}

@article{darwish2,
  title={{A fully coupled Navier-Stokes solver for fluid flow at all speeds},
  author={Darwish, M and Moukalled, F}},
  journal={Numerical Heat Transfer, Part B: Fundamentals},
  volume={65},
  number={5},
  pages={410--444},
  year={2014},
  publisher={Taylor \& Francis}
}


@PhdThesis{marquez,
    author    = {M{\'a}rquez Dami{\'a}n, Santiago },
    title     = {An extended mixture model for the simultaneous treatment of short and long scale interfaces},
    school    = {Universidad Nacional del Litoral},
    year      = {2013},
}

@article{rhiechow,
  title={{Numerical study of the turbulent flow past an airfoil with trailing edge separation}},
  author={Rhie, CM and Chow, WL},
  journal={AIAA Journal},
  volume={21},
  number={11},
  pages={1525--1532},
  year={1983}
}

@inproceedings{wang,
  title={{Fourier analysis of the effect of non-constant terms on the convergence properties of SIMPLE algorithm formulated on a staggered grid}},
  author={Wang, Fei and Zheng, Li and Li, Yi Tian},
  booktitle={Applied Mechanics and Materials},
  volume={204},
  pages={4688--4693},
  year={2012},
  organization={Trans Tech Publ}
}

@article{shaw,
  title={{On the smoothing properties of the SIMPLE pressure-correction algorithm}},
  author={Shaw, GJ and Sivaloganathan, S},
  journal={International Journal for Numerical Methods in Fluids},
  volume={8},
  number={4},
  pages={441--461},
  year={1988},
  publisher={Wiley Online Library}
}

@article{harlow,
  title={{Numerical calculation of time-dependent viscous incompressible flow of fluid with free surface}},
  author={Harlow, Francis H and Welch, J Eddie},
  journal={The physics of fluids},
  volume={8},
  number={12},
  pages={2182--2189},
  year={1965},
  publisher={AIP}
}


@book{hirsch,
  title={{Numerical Computation of Internal and External Flows: The Fundamentals of Computational Fluid Dynamics}},
  author={Hirsch, Charles},
  year={2007},
  publisher={Butterworth-Heinemann}
}

@article{jang,
  title={{Comparison of the {PISO}, {SIMPLER}, and {SIMPLEC} algorithms for the treatment of the pressure-velocity coupling in steady flow problems}},
  author={Jang, DS and Jetli, R and Acharya, S},
  journal={Numerical Heat Transfer, Part A: Applications},
  volume={10},
  number={3},
  pages={209--228},
  year={1986},
  publisher={Taylor \& Francis}
}

@article{issa,
  title={{Solution of the implicitly discretised fluid flow equations by operator-splitting}},
  author={Issa, Raad I},
  journal={Journal of {C}omputational {P}hysics},
  volume={62},
  number={1},
  pages={40--65},
  year={1986},
  publisher={Elsevier}
}

@article{issa2,
  title={{The computation of compressible and incompressible recirculating flows by a non-iterative implicit scheme}},
  author={Issa, Raad I and Gosman, AD and Watkins, AP},
  journal={Journal of {C}omputational {P}hysics},
  volume={62},
  number={1},
  pages={66--82},
  year={1986},
  publisher={Elsevier}
}

@book{leveque,
  title={{Finite volume methods for hyperbolic problems}},
  author={LeVeque, Randall J},
  volume={31},
  year={2002},
  publisher={Cambridge University Press}
}

@book{moukalled,
  title={{The Finite Volume Method in Computational Fluid Dynamics: An Advanced Introduction with OpenFOAM$^{\text{\tiny{\textregistered}}}$ and Matlab}},
  author={Moukalled, Fadl and Mangani, Luca and Darwish, Marwan},
  volume={113},
  year={2015},
  publisher={Springer}
}

@article{popinet2003gerris,
	title={{Gerris: a tree-based adaptive solver for the incompressible Euler equations in complex geometries}},
	author={Popinet, St{\'e}phane},
	journal={Journal of Computational Physics},
	volume={190},
	number={2},
	pages={572--600},
	year={2003},
	publisher={Elsevier}
}

@article{popinet2009,
	author={S. Popinet},
	title={{An accurate adaptive solver for surface-tension-driven interfacial flows}},
	journal={Journal of Computational Physics},
	year={2009},
	volume={228},
	pages={5838?5866},
	url={http://gfs.sf.net/papers/tension.pdf}
}


@article{patankar1972,
  title={{A calculation procedure for heat, mass and momentum transfer in three-dimensional parabolic flows}},
  author={Patankar, Suhas V and Spalding, D Brian},
  journal={International {J}ournal of {H}eat and {M}ass {T}ransfer},
  volume={15},
  number={10},
  pages={1787--1806},
  year={1972},
  publisher={Elsevier}
}

@article{patankar1981,
  title={{A calculation procedure for two-dimensional elliptic situations}},
  author={Patankar, Suhas V},
  journal={Numerical Heat Transfer},
  volume={4},
  number={4},
  pages={409--425},
  year={1981},
  publisher={Taylor \& Francis}
}

@book{patankar1980,
  title={{Numerical heat transfer and fluid flow}},
  author={Patankar, Suhas},
  year={1980},
  publisher={CRC press}
}

@article{liu,
  title={{Fourier analysis of the SIMPLE serials}},
  author={Liu, Ya and Wang, Fei and Li, Yi-tian},
  journal={Numerical Heat Transfer, Part B: Fundamentals},
  volume={69},
  number={3},
  pages={197--216},
  year={2016},
  publisher={Taylor \& Francis}
}


@book{ferziger,
  title={{Computational methods for fluid dynamics}},
  author={Ferziger, Joel H and Peric, Milovan},
  year={2012},
  publisher={Springer Science \& Business Media}
}

@book{versteeg,
  title={{An introduction to {C}omputational {F}luid {D}ynamics: the {F}inite {V}olume {M}ethod}},
  author={Versteeg, Henk Kaarle and Malalasekera, Weeratunge},
  year={2007},
  publisher={Pearson Education}
}

@article{weller,
  title={{A tensorial approach to computational continuum mechanics using object-oriented techniques}},
  author={Weller, Henry G and Tabor, G and Jasak, Hrvoje and Fureby, C},
  journal={Computers in {P}hysics},
  volume={12},
  number={6},
  pages={620--631},
  year={1998},
  publisher={AIP Publishing}
}

@article{fluent,
  title={{Fluent Inc}},
  author={Manual, Fluent User},
  journal={Chapter},
  volume={6},
  pages={14--16},
  year={2003}
}

@article{sousa2015spurious,
  title={{Spurious transients of projection methods in microflow simulations}},
  author={Sousa, Fabricio S and Oishi, Cassio M and Buscaglia, Gustavo C},
  journal={Computer Methods in Applied Mechanics and Engineering},
  volume={285},
  pages={659--693},
  year={2015},
  publisher={Elsevier}
}

@article{zhang2014generalized,
  title={{Generalized formulations for the Rhie--Chow interpolation}},
  author={Zhang, Sijun and Zhao, Xiang and Bayyuk, Sami},
  journal={Journal of Computational Physics},
  volume={258},
  pages={880--914},
  year={2014},
  publisher={Elsevier}
}

@article{uroic,
  title={{Block-selective algebraic multigrid for implicitly coupled pressure-velocity system}},
  author={Uroi{\'c}, Tessa and Jasak, Hrvoje},
  journal={Computers \& Fluids},
  volume={167},
  pages={100--110},
  year={2018},
  publisher={Elsevier}
}


@book{karrholm,
  title={{Numerical modelling of diesel spray injection, turbulence interaction and combustion}},
  author={K{\"a}rrholm, Fabian Peng},
  year={2008},
  publisher={Chalmers University of Technology}
}


@article{yu2002discussion,
  title={{Discussion on momentum interpolation method for collocated grids of incompressible flow}},
  author={Yu, Bo and Tao, Wen-Quan and Wei, Jin-Jia and Kawaguchi, Yasuo and Tagawa, Toshio and Ozoe, Hiroyuki},
  journal={Numerical Heat Transfer: Part B: Fundamentals},
  volume={42},
  number={2},
  pages={141--166},
  year={2002},
  publisher={Taylor \& Francis}
}

@article{rhie1989pressure,
  title={{Pressure-based Navier-Stokes solver using the multigrid method}},
  author={Rhie, Chae M},
  journal={AIAA journal},
  volume={27},
  number={8},
  pages={1017--1018},
  year={1989}
}

@article{rhie1983basic,
  title={{Basic calibration of partially parabolic procedure aimed at centrifugal impeller analysis}},
  author={Rhie, CM},
  journal={AIAA paper},
  number={83-0260},
  year={1983}
}

@article{majumdar1988role,
  title={{Role of underrelaxation in momentum interpolation for calculation of flow with nonstaggered grids}},
  author={Majumdar, S},
  journal={Numerical Heat Transfer},
  volume={13},
  number={1},
  pages={125--132},
  year={1988},
  publisher={Taylor \& Francis}
}

@article{choi1999note,
  title={{Note on the use of momentum interpolation method for unsteady flows}},
  author={Choi, Seok Ki},
  journal={Numerical Heat Transfer: Part A: Applications},
  volume={36},
  number={5},
  pages={545--550},
  year={1999},
  publisher={Taylor \& Francis}
}

@article{nordlund2016improved,
  title={{Improved {PISO} algorithms for modeling density varying flow in conjugate fluid--porous domains}},
  author={Nordlund, M and Stanic, M and Kuczaj, AK and Frederix, EMA and Geurts, BJ},
  journal={Journal of Computational Physics},
  volume={306},
  pages={199--215},
  year={2016},
  publisher={Elsevier}
}

@article{stanic2016evaluation,
  title={{Evaluation of oscillation-free fluid-porous interface treatments for segregated finite volume flow solvers}},
  author={Stanic, M and Nordlund, M and Frederix, EMA and Kuczaj, AK and Geurts, BJ},
  journal={Computers \& Fluids},
  volume={131},
  pages={169--179},
  year={2016},
  publisher={Elsevier}
}

@article{degroot2011finite,
  title={{A finite-volume model for fluid flow and nonequilibrium heat transfer in conjugate fluid-porous domains using general unstructured grids}},
  author={DeGroot, Christopher T and Straatman, Anthony G},
  journal={Numerical Heat Transfer, Part B: Fundamentals},
  volume={60},
  number={4},
  pages={252--277},
  year={2011},
  publisher={Taylor \& Francis}
}


%% Regarding reconstruct operator
@article{weller2014non,
  title={{Non-orthogonal version of the arbitrary polygonal {C}-grid and a new diamond grid}},
  author={Weller, Hilary},
  journal={Geoscientific Model Development},
  volume={7},
  number={3},
  pages={779--797},
  year={2014},
  publisher={Copernicus GmbH}
}

@article{weller2014curl,
  title={{Curl-free pressure gradients over orography in a solution of the fully compressible {E}uler equations with implicit treatment of acoustic and gravity waves}},
  author={Weller, Hilary and Shahrokhi, Ava},
  journal={Monthly Weather Review},
  volume={142},
  number={12},
  pages={4439--4457},
  year={2014}
}


@article{perot,
  title={{Mimetic reconstruction of vectors}},
  author={Perot, JBJB and Vidovic, Dragan and Wesseling, Pieter},
  journal={Compatible Spatial Discretizations},
  pages={173--188},
  year={2006},
  publisher={Springer}
}


@article{shashkov1998local,
  title={{Local reconstruction of a vector field from its normal components on the faces of grid cells}},
  author={Shashkov, Mikhail and Swartz, Blair and Wendroff, Burton},
  journal={Journal of Computational Physics},
  volume={139},
  number={2},
  pages={406--409},
  year={1998},
  publisher={Elsevier}
}

@article{datta2007porous,
  title={{Porous media approaches to studying simultaneous heat and mass transfer in food processes. {I}: Problem formulations}},
  author={Datta, AK},
  journal={Journal of Food Engineering},
  volume={80},
  number={1},
  pages={80--95},
  year={2007},
  publisher={Elsevier}
}

@book{versteeg2007introduction,
  title={{An introduction to computational fluid dynamics: the finite volume method}},
  author={Versteeg, Henk Kaarle and Malalasekera, Weeratunge},
  year={2007},
  publisher={Pearson Education}
}

@article{issa1991solution,
  title={{Solution of the implicitly discretised reacting flow equations by operator-splitting}},
  author={Issa, RI and Ahmadi-Befrui, B and Beshay, KR and Gosman, AD},
  journal={Journal of Computational Physics},
  volume={93},
  number={2},
  pages={388--410},
  year={1991},
  publisher={Elsevier}
}

@article{betchen2006nonequilibrium,
  title={{A nonequilibrium finite-volume model for conjugate fluid/porous/solid domains},
  author={Betchen, Lee and Straatman, Anthony G and Thompson, Brian E}},
  journal={Numerical Heat Transfer, Part A: Applications},
  volume={49},
  number={6},
  pages={543--565},
  year={2006},
  publisher={Taylor \& Francis}
}

@article{vanDoormal,
  title={{Enhancements of the {SIMPLE} method for predicting incompressible fluid flows}},
  author={Van Doormaal, JP and Raithby, GD},
  journal={Numerical {H}eat {T}ransfer},
  volume={7},
  number={2},
  pages={147--163},
  year={1984},
  publisher={Taylor \& Francis}
}

@article{tao2001,
  title={{A modified pressure-correction scheme for the {SIMPLER} method, {MSIMPLER}}},
  author={Ozoe, Hiroyuki and Tao, Wen Quan},
  journal={Numerical Heat Transfer: Part B: Fundamentals},
  volume={39},
  number={5},
  pages={435--449},
  year={2001},
  publisher={Taylor \& Francis}
}

@article{tao2004,
  title={{A novel segregated algorithm for incompressible fluid flow and heat transfer problems - {CLEAR} (coupled and linked equations algorithm revised) part {I}: {M}athematical formulation and solution procedure}},
  author={Tao, Wen Quan and Qu, Z G and He, Y L},
  journal={Numerical Heat Transfer, Part B: Fundamentals},
  volume={45},
  number={1},
  pages={1--17},
  year={2004},
  publisher={Taylor \& Francis}
}

@article{cheng,
  title={{An efficient and robust numerical scheme for the {SIMPLER} algorithm on non-orthogonal curvilinear coordinates: {CLEARER}}},
  author={Cheng, YP and Lee, TS and Low, HT and Tao, WQ},
  journal={Numerical Heat Transfer, Part B: Fundamentals},
  volume={51},
  number={5},
  pages={433--461},
  year={2007},
  publisher={Taylor \& Francis}
}


@article{sun2008efficient,
	title={{An efficient segregated algorithm for incompressible fluid flow and heat transfer problemsâ€”IDEAL (inner doubly iterative efficient algorithm for linked equations) Part I: Mathematical formulation and solution procedure},
	author={Sun, DL and Qu, ZG and He, YL and Tao, WQ}},
	journal={Numerical Heat Transfer, Part B: Fundamentals},
	volume={53},
	number={1},
	pages={1--17},
	year={2008},
	publisher={Taylor \& Francis}
}

@article{li2017efficient,
	title={{An efficient SIMPLER-revised algorithm for incompressible flow with unstructured grids}},
	author={Li, Jie and Zhang, Quan and Zhai, Zhi-Qiang},
	journal={Numerical Heat Transfer, Part B: Fundamentals},
	volume={71},
	number={5},
	pages={425--442},
	year={2017},
	publisher={Taylor \& Francis}
}

@article{xiao2018consistent,
	title={{A consistent SIMPLE algorithm with extra explicit predictionâ€”SIMPLEPC},
	author={Xiao, Hui and Wang, Junbo and Liu, Zhichun and Liu, Wei}},
	journal={International Journal of Heat and Mass Transfer},
	volume={120},
	pages={1255--1265},
	year={2018},
	publisher={Elsevier}
}

@article{aoussou2018iterated,
	title={{Iterated pressure-correction projection methods for the unsteady incompressible Navier--Stokes equations}},
	author={Aoussou, Jean and Lin, Jing and Lermusiaux, Pierre FJ},
	journal={Journal of Computational Physics},
	volume={373},
	pages={940--974},
	year={2018},
	publisher={Elsevier}
}


@article{temam1968methode,
  title={{{Une m{\'e}thode dâ€™approximation de la solution des {\'e}quations de Navier-Stokes}}},
  author={Temam, Roger},
  journal={Bull. Soc. Math. France},
  volume={98},
  number={4},
  pages={115--152},
  year={1968}
}

@article{harten1977artificial,
  title={{The artificial compression method for computation of shocks and contact discontinuities. I. Single conservation laws}},
  author={Harten, Amiram},
  journal={Communications on Pure and Applied Mathematics},
  volume={30},
  number={5},
  pages={611--638},
  year={1977},
  publisher={Wiley Online Library}

}
@article{aguerre2018oscillation,
  title={{An oscillation-free flow solver based on flux reconstruction}},
  author={Aguerre, Horacio J and Pairetti, Cesar I and Venier, Cesar M and Dami{\'a}n, Santiago M{\'a}rquez and Nigro, Norberto M},
  journal={Journal of Computational Physics},
  volume={365},
  pages={135--148},
  year={2018},
  publisher={Elsevier}
}
